% Acute coronary syndromes
@article{doi:10.1111/anec.12196,
	title = {The Role of the ECG in Diagnosis, Risk Estimation, and Catheterization Laboratory Activation in Patients with Acute Coronary Syndromes: A Consensus Document},
	author = {Birnbaum, Yochai and Nikus, Kjell and Kligfield, Paul and Fiol, Miguel and Barrabés, Jose Antonio and Sionis, Alessandro and Pahlm, Olle and Niebla R.N, J. Garcia and de Luna, Antonio Bayès},
	journal = {Annals of Noninvasive Electrocardiology},
	year = {2014},
	doi = {10.1111/anec.12196},
}

% Adam optimiser
@article{kingma2014adam,
    title={Adam: A Method for Stochastic Optimization},
    author={Diederik P. Kingma and Jimmy Ba},
    year={2014},
    eprint={1412.6980},
    archivePrefix={arXiv},
    primaryClass={cs.LG}
}

% Adaptive sampling
@article{hoffman2011nouturn,
    title={The No-U-Turn Sampler: Adaptively Setting Path Lengths in Hamiltonian Monte Carlo},
    author={Matthew D. Hoffman and Andrew Gelman},
    year={2011},
    eprint={1111.4246},
    archivePrefix={arXiv},
    primaryClass={stat.CO}
}

% Cardiovascular diseases
@article{doi:10.1161/CIRCOUTCOMES.118.005289,
	title = {Automated and Interpretable Patient ECG Profiles for Disease Detection, Tracking, and Discovery},
	author = {Geoffrey H. Tison  and Jeffrey Zhang  and Francesca N. Delling  and Rahul C. Deo},
	journal = {Circulation: Cardiovascular Quality and Outcomes},
	year = {2019},
	doi = {10.1161/CIRCOUTCOMES.118.005289}
}

% DeepSleep Net
@article{deepsleep,
	title={DeepSleepNet: A Model for Automatic Sleep Stage Scoring Based on Raw Single-Channel EEG},
	author={A. {Supratak} and H. {Dong} and C. {Wu} and Y. {Guo}},
	journal={IEEE Transactions on Neural Systems and Rehabilitation Engineering},
	year={2017},
	doi={10.1109/TNSRE.2017.2721116}
}

% Dropout
@article{dropout,
	title = {Dropout: A Simple Way to Prevent Neural Networks from Overfitting},
	author = {Nitish Srivastava and Geoffrey Hinton and Alex Krizhevsky and Ilya Sutskever and Ruslan Salakhutdinov},
	journal = {Journal of Machine Learning Research},
	year = {2014},
	doi = {10.5555/2627435.2670313}
}

% Myocardial infarction
@article{FESMIRE1988405,
	title = {The ECG in Acute Myocardial Infarction},
	author = {Fesmire FM and MacMath TL},
	journal = {The Journal of Emergency Medicine},
	year = {1988},
	doi = {10.1016/0736-4679(88)90015-7}
}

% Naive Bayes
@article{manning2008introduction,
	title = {Introduction to Information Retrieval},
	author = {Manning, Christopher D. and Raghavan, Prabhakar and Schütze, Hinrich},
  	journal = {Cambridge University Press},
  	year = {2008},
  	doi = {10.5555/1394399}
}

% XGBoost Slideset
@article{xgboost,
	title = {Introduction to Boosted Trees},
	author = {Tianqi Chen},
	journal = {Slidesheet},
	year = {2014},
	doi = {}
}

% Dart
@article{rashmi2015dart,
    title = {DART: Dropouts Meet Multiple Additive Regression Trees},
    author = {K. V. Rashmi and Ran Gilad-Bachrach},
    year = {2015},
    eprint = {1505.01866},
    archivePrefix = {arXiv},
    primaryClass = {cs.LG}
}

% Gaussian Processes for Machine Learning
@article{10.5555/1162254,
	title = {Gaussian Processes for Machine Learning (Adaptive Computation and Machine Learning)},
	author = {Rasmussen, Carl Edward and Williams, Christopher K. I.},
	year = {2005},
	doi = {10.5555/1162254},
	journal = {The MIT Press}
}

% Gradient Descent
@article{gradientdescent,
	title = {An Overview of Gradient Descent Optimization Algorithms},
	author = {Ruder, Sebastian},
	journal = {CoRR},
	year = {2016},
	archivePrefix = {arXiv},
  	eprint = {1609.04747}
}

% HMC
@article{neal2012mcmc,
    title = {MCMC using Hamiltonian Dynamics},
    author = {Radford M. Neal},
    year = {2012},
    eprint = {1206.1901},
    archivePrefix = {arXiv},
    primaryClass = {stat.CO}
}

% Kernel Trick
@article{10.5555/3008751.3008793,
	title = {The Kernel Trick for Distances},
	author = {Sch\"{o}lkopf, Bernhard},
	publisher = {MIT Press},
	year = {2000},
	doi = {10.5555/3008751.3008793}
}

% Naive Bayes (Assumption)
@article{naivebayes,
  title = {The Optimality of Naive Bayes},
  author = {Zhang, Harry},
  publisher = {AAAI Press},
  year = {2004},
  doi = {10.1134/S1054661814010088}
}

% Naive Bayes (argmax)
@artcile{naivebayesargmax,
	title = {Pattern Recognition. An Algorithmic Approach},
	author = {Murty, M. and Devi, V.},
	year = {2011},
	journal = {Springer-Verlag London},
	doi = {10.1007/978-0-85729-495-1}
}

@book{bishop,
	title = {Pattern Recognition and Machine Learning (Information Science and Statistics)},
	author = {Bishop, Christopher M.},
	year = {2006},
	publisher = {Springer-Verlag},
	isbn = {978-0387310732}
}

% Sum of Kernels is a Kernel
@article{shawe-taylor_cristianini_2004,
	title = {Properties of Kernels},
	author = {Shawe-Taylor, John and Cristianini, Nello},
	journal = {Cambridge University Press},
	year = {2004},
	doi = {10.1017/CBO9780511809682.004}
}

% Patterns HRD
@article{patternshrd,
	title = {Patterns of Heart Rate Dynamics in Healthy Aging Population: Insights from Machine Learning Methods},
	author = {Makowiec, Danuta and Wdowczyk, Joanna},
	year = {2019},
	journal = {Entropy},
	doi = {10.3390/e21121206}
}

% PhysioNet
@article{physionet,
	title = {PhysioBank, PhysioToolkit, and PhysioNet},
	author = {Ary L. Goldberger  and Luis A. N. Amaral  and Leon Glass  and Jeffrey M. Hausdorff  and Plamen Ch. Ivanov  and Roger G. Mark  and Joseph E. Mietus  and George B. Moody  and Chung-Kang Peng  and H. Eugene Stanley},
	journal = {Circulation},
	year = {2000},
	doi = {10.1161/01.CIR.101.23.e215},
}

% Hinge Loss
@article{hingeloss,
	title = {Are Loss Functions All the Same?},
	author = {Rosasco, Lorenzo and De Vito, Ernesto and Caponnetto, Andrea and Piana, Michele and Verri, Alessandro},
	year = {2004},
	journal = {MIT Press},
	doi = {10.1162/089976604773135104},
}

  
% hrvanalysis
@article{cardiopulmonary,
	title = {Normal Cardiopulmonary Responses During Incremental Exercise in 20- to 70-yr-old Men},
	author = {Inbar, Omri and Oren, Ami and Scheinowitz, Mickey and Rotstein, Arie and Dlin, Ronald and Casaburi, Richard},
	year = {1994},
	journal = {Medicine and science in sports and exercise},
	doi = {10.1249/00005768-199405000-00003}
}

@article{maxhr,
	title = {Predicting max HR and the HRV Relationship for Exercise Prescription in Obesity},
	author = {Miller, Wayne and Wallace, Janet and Eggert, Karen},
	year = {1993},
	journal = {Medicine and Science in Sports and Exercise},
	doi = {}
}

@article{TANAKA2001153,
	title = {Age-predicted Maximal Heart Rate Revisited},
	author = {Hirofumi Tanaka and Kevin D Monahan and Douglas R Seals},
	journal = {Journal of the American College of Cardiology},
	year = {2001},
	doi = {10.1016/S0735-1097(00)01054-8}
}

% Heart Rate Variability: Analysis and Classification of Healthy Subjects for Different Age Groups
@article{threeclassclassification,
	title = {Heart Rate Variability: Analysis and Classification of Healthy Subjects for Different Age Groups},
	author = {Poddar, Mohan and Kumar, Vinod and Sharma, Yash},
	year = {2015},
	journal = {Conference: INDIACom-2015, At New Delhi (INDIA)},
	doi = {}
}

% Machine Learning - A Probabilistic Perspective 
% Sequential Bayesian Update
@book{murphy2013machine,
	title = {Machine learning: A Probabilistic Perspective},
 	author = {Murphy, Kevin P.},
 	year = {2013},
 	publisher = {The MIT Press},
 	isbn = {978-0262018029}
}

% Bayesian Exchangeability
@article{Bernardo2001TheCO,
  title = {The Concept of Exchangeability and its Applications},
  author = {Jos{\'e} M. Bernardo},
  year = {2001},
  journal = {Metrika},
  doi = {0.1007/s00184-016-0602-z}
}

% PyTorch
@article{paszke2019pytorch,
    title = {PyTorch: An Imperative Style, High-Performance Deep Learning Library},
    author = {Adam Paszke and Sam Gross and Francisco Massa and Adam Lerer and James Bradbury and Gregory Chanan and Trevor Killeen and Zeming Lin and Natalia Gimelshein and Luca Antiga and Alban Desmaison and Andreas Köpf and Edward Yang and Zach DeVito and Martin Raison and Alykhan Tejani and Sasank Chilamkurthy and Benoit Steiner and Lu Fang and Junjie Bai and Soumith Chintala},
    year = {2019},
    eprint = {1912.01703},
    archivePrefix = {arXiv},
    primaryClass = {cs.LG}
}

% Sleep Stage Classification Using Bidirectional LSTM in Wearable Multi-sensor Systems
@article{sleepstageclassification,
	title = {Sleep Stage Classification Using Bidirectional LSTM in Wearable Multi-sensor Systems},
	author = {Zhang, Yuezhou and Yang, Zhicheng and Lan, Ke and Liu, Xiaoli and Zhang, Zhengbo and Li, Peiyao and Cao, Desen and Zheng, Jiewen and Pan, Jianli},
	journal = {IEEE},
	year = {2019},
	doi = {10.1109/INFCOMW.2019.8845115}
}

% SVM
@article{svm,
	title = {Support Vector Machines: Theory and Applications},
	author = {Evgeniou, Theodoros and Pontil, Massimiliano},
	year = {2001},
	journal = {},
	doi = {10.1007/3-540-44673-7_12}
}

@article{doi:10.1161/CIRCULATIONAHA.110.939249,
	title = {Heart Rate Response to Exercise Stress Testing in Asymptomatic Women},
	author = {Martha Gulati  and Leslee J. Shaw  and Ronald A. Thisted  and Henry R. Black  and C. Noel Bairey Merz  and Morton F. Arnsdorf},
	journal = {Circulation},
	year = {2010},
	doi = {10.1161/CIRCULATIONAHA.110.939249},
}

% Deep Learning for Time Series Classification
@article{dlclassification,
	title = {Deep Learning For Time Series Classification: A Review},
	author = {Ismail Fawaz, Hassan and Forestier, Germain and Weber, Jonathan and Idoumghar, Lhassane and Muller, Pierre-Alain},
	year = {2019},
	journal = {Data Mining and Knowledge Discovery},
	doi = {10.1007/s10618-019-00619-1}
}

% Time CNN
@article{tcnn,
	title = {Convolutional Neural Networks for Time Series Classification},
	author = {B. {Zhao} and H. {Lu} and S. {Chen} and J. {Liu} and D. {Wu}},
	journal = {Journal of Systems Engineering and Electronics},
	year = {2017},
	doi = {10.21629/JSEE.2017.01.18}
}

% RR Research Example
@article{10.3389/fphys.2018.00424,
	title = {Normal Values of Corrected Heart-Rate Variability in 10-Second Electrocardiograms for All Ages},
	author = {van den Berg, Marten E. and Rijnbeek, Peter R. and Niemeijer, Maartje N. and Hofman, Albert and van Herpen, Gerard and Bots, Michiel L. and Hillege, Hans and Swenne, Cees A. and Eijgelsheim, Mark and Stricker, Bruno H. and Kors, Jan A.},
	journal = {Frontiers in Physiology},
	year = {2018},
	doi={10.3389/fphys.2018.00424}
}

% Features well known
@article{features_well_known,
	title = {An Overview of Heart Rate Variability Metrics and Norms},
	author = {Shaffer, Fred and Ginsberg, J. P.},         
	journal = {Frontiers in Public Health},
	year = {2017},      
	doi = {10.3389/fpubh.2017.00258},      
}

% Vanishing gradient
@article{pascanu2012difficulty,
    title = {On the Difficulty of Training Recurrent Neural Networks},
    author = {Razvan Pascanu and Tomas Mikolov and Yoshua Bengio},
    year = {2012},
    eprint = {1211.5063},
    archivePrefix = {arXiv},
    primaryClass = {cs.LG}
}

% LSTM
@article{10.1162/neco.1997.9.8.1735,
	title = {Long Short-Term Memory},
	author = {Hochreiter, Sepp and Schmidhuber, J\"{u}rgen},
 	year = {1997},
	doi = {10.1162/neco.1997.9.8.1735},
	journal = {Neural Comput.}
}

% Gaussian Processes for Time Series Modelling
@article{Roberts_gaussianprocesses,
	title = {Gaussian Processes for Timeseries Modelling},
    author = {S. Roberts and M. Osborne and M. Ebden and S. Reece and N. Gibson and S. Aigrain},
    journal = {Philosophical Transactions of the Royal Society (Part A},
    year = {2013},
    doi = {10.1098/rsta.2011.0550}
}

%TCNN - Example 1
@article{Wan_2019,
	author = {Wan, Renzhuo and Mei, Shuping and Wang, Jun and Liu, Min and Yang, Fan},
	title = {Multivariate Temporal Convolutional Network: A Deep Neural Networks Approach for Multivariate Time Series Forecasting},
	journal = {Electronics},
	publisher = {MDPI AG},
	year = {2019},
	doi = {10.3390/electronics8080876}
}

%TCNN - Example 2
@misc{pelletier2018temporal,
    title = {Temporal Convolutional Neural Network for the Classification of Satellite Image Time Series},
    author = {Charlotte Pelletier and Geoffrey I. Webb and Francois Petitjean},
    year = {2018},
    eprint = {1811.10166},
    archivePrefix = {arXiv},
    primaryClass = {cs.CV}
}
