% Heart Rate Variability: Analysis and Classification of Healthy Subjects for Different Age Groups
@article{threeclassclassification,
	title = {Heart Rate Variability: Analysis and Classification of Healthy Subjects for Different Age Groups},
	author = {Poddar, Mohan and Kumar, Vinod and Sharma, Yash},
	year = {2015},
	journal = {Conference: INDIACom-2015, At New Delhi (INDIA)},
	doi = {}
}

% Patterns HRD
@article{patternshrd,
	title = {Patterns of Heart Rate Dynamics in Healthy Aging Population: Insights from Machine Learning Methods},
	author = {Makowiec, Danuta and Wdowczyk, Joanna},
	year = {2019},
	journal = {Entropy},
	doi = {10.3390/e21121206}
}
