@article{article,
    author = {Makowiec, Danuta and Wdowczyk, Joanna},
    year = {2019},
    month = {12},
    pages = {1206},
    title = {Patterns of Heart Rate Dynamics in Healthy Aging Population: Insights from Machine Learning Methods},
    volume = {21},
    journal = {Entropy},
    doi = {10.3390/e21121206}
}

@unknown{unknown,
    author = {Kowalek, Patrycja and Loch-Olszewska, Hanna and Szwabi≈Ñski, Janusz},
    year = {2019},
    month = {02},
    pages = {},
    title = {Classification of diffusion modes in single particle tracking data: feature based vs. deep learning approach}
}

@inproceedings{inproceedings,
    author = {Poddar, Mohan and Kumar, Vinod and Sharma, Yash},
    year = {2015},
    month = {03},
    pages = {},
    title = {Heart Rate Variability: Analysis and Classification of Healthy Subjects for Different Age Groups}
}